@article{einstein1905,
  author = {Albert Einstein},
  title = {Zur Elektrodynamik bewegter KÃ¶rper},
  journal = {Annalen der Physik},
  volume = {17},
  number = {10},
  pages = {891-921},
  year = {1905}
}
